<?xml version="1.0" encoding="UTF-8" ?>
<collection xmlns:xsi="http://www.w3.org/2001/XMLSchema-instance"
    xsi:schemaLocation="http://www.loc.gov/MARC21/slim
        http://www.loc.gov/standards/marcxml/schema/MARC21slim.xsd"
    xmlns="http://www.loc.gov/MARC21/slim">
<record>
  <leader>00262cam a2200505 ia4500</leader>
  <controlfield tag="001">b12772458</controlfield>
  <controlfield tag="003">LeBAU</controlfield>
  <controlfield tag="005">20171025</controlfield>
  <controlfield tag="008">971120s1948    le acf   b    ||0 0 ara d</controlfield>
  <datafield tag="035" ind1=" " ind2=" ">
    <subfield code="a">ocn784509993</subfield>
  </datafield>
  <datafield tag="040" ind1=" " ind2=" ">
    <subfield code="a">LEAUB</subfield>
    <subfield code="b">ara</subfield>
    <subfield code="e">rda</subfield>
    <subfield code="c">LEAUB</subfield>
    <subfield code="d">LEAUB</subfield>
  </datafield>
  <datafield tag="043" ind1=" " ind2=" ">
    <subfield code="a">a-le---</subfield>
  </datafield>
  <datafield tag="082" ind1="0" ind2="4">
    <subfield code="a">956.9</subfield>
    <subfield code="2">22</subfield>
  </datafield>
  <datafield tag="100" ind1="1" ind2=" ">
    <subfield code="6">880-01</subfield>
    <subfield code="a">Ṭarrāzī, Fīlīb Dī,</subfield>
    <subfield code="c">al-Fīkunt,</subfield>
    <subfield code="d">1865-1956,</subfield>
    <subfield code="e">author.</subfield>
  </datafield>
  <datafield tag="245" ind1="1" ind2="0">
    <subfield code="6">880-02</subfield>
    <subfield code="a">Aṣdaq mā kān ʻan tārīkh Lubnān wa-ṣafḥah min akhbār al-Suryān /</subfield>
    <subfield code="c">bi-qalam al-Fīkunt Fīlīb Dī Ṭarrāzī, mu’assīs Dār al-Kutub al-Lubnānīyah wa-al-‘uḍw fī ‘iddat majāmi‘ ‘ilmīyah sharqīyah wa-gharbīyah.</subfield>
  </datafield>
  <datafield tag="246" ind1="3" ind2="0">
    <subfield code="6">880-03</subfield>
    <subfield code="a">Tārīkh Lubnān</subfield>
  </datafield>
  <datafield tag="246" ind1="3" ind2="0">
    <subfield code="6">880-04</subfield>
    <subfield code="a">Ṣafḥah min akhbār al-Suryān</subfield>
  </datafield>
  <datafield tag="246" ind1="1" ind2=" ">
    <subfield code="6">880-05</subfield>
    <subfield code="i">Volume 3 has title:</subfield>
    <subfield code="a">Radd al-‘asf wa-al-buhtān ‘an kitāb aṣdaq mā kān</subfield>
  </datafield>
  <datafield tag="264" ind1=" " ind2="1">
    <subfield code="6">880-06</subfield>
    <subfield code="a">Bayrūt :</subfield>
    <subfield code="b">Maṭābi‘ Jūzif Salīm Ṣayqalī,</subfield>
    <subfield code="c">1948.</subfield>
  </datafield>
  <datafield tag="300" ind1=" " ind2=" ">
    <subfield code="6">880-07</subfield>
    <subfield code="a">2 volumes :</subfield>
    <subfield code="b">illustrations, frontispiece ;</subfield>
    <subfield code="c">24 cm</subfield>
  </datafield>
  <datafield tag="336" ind1=" " ind2=" ">
    <subfield code="a">text</subfield>
    <subfield code="b">txt</subfield>
    <subfield code="2">rdacontent</subfield>
  </datafield>
  <datafield tag="336" ind1=" " ind2=" ">
    <subfield code="a">still image</subfield>
    <subfield code="b">sti</subfield>
    <subfield code="2">rdacontent</subfield>
  </datafield>
  <datafield tag="337" ind1=" " ind2=" ">
    <subfield code="a">unmediated</subfield>
    <subfield code="b">n</subfield>
    <subfield code="2">rdamedia</subfield>
  </datafield>
  <datafield tag="338" ind1=" " ind2=" ">
    <subfield code="a">volume</subfield>
    <subfield code="b">nc</subfield>
    <subfield code="2">rdacarrier</subfield>
  </datafield>
  <datafield tag="500" ind1=" " ind2=" ">
    <subfield code="a">3 أجزاء ببليوغرافية في 2 جزء مادي.</subfield>
  </datafield>
  <datafield tag="504" ind1=" " ind2=" ">
    <subfield code="a">يتضمن مراجع ببليوغرافية.</subfield>
  </datafield>
  <datafield tag="650" ind1=" " ind2="4">
    <subfield code="a">المسيحيون السريان</subfield>
    <subfield code="x">تاريخ.</subfield>
  </datafield>
  <datafield tag="650" ind1=" " ind2="0">
    <subfield code="a">Syriac Christians</subfield>
    <subfield code="x">History.</subfield>
  </datafield>
  <datafield tag="651" ind1=" " ind2="4">
    <subfield code="a">لبنان</subfield>
    <subfield code="x">التاريخ الكنسي.</subfield>
  </datafield>
  <datafield tag="651" ind1=" " ind2="0">
    <subfield code="a">Lebanon</subfield>
    <subfield code="x">Church history.</subfield>
  </datafield>
  <datafield tag="700" ind1="1" ind2=" ">
    <subfield code="6">880-08</subfield>
    <subfield code="i">is critiqued in (work)</subfield>
    <subfield code="a">Qarʼalī, Būlus,</subfield>
    <subfield code="d">-1952.</subfield>
    <subfield code="t">Mawārinah fī Lubnān : aqdamīyatuhum wa usaruhum.</subfield>
  </datafield>
  <datafield tag="852" ind1=" " ind2=" ">
    <subfield code="a">Jafet Archives and Special Collections</subfield>
    <subfield code="e">American University of Beirut, Bliss Street , Beirut, Lebanon.</subfield>
  </datafield>
  <datafield tag="880" ind1="1" ind2=" ">
    <subfield code="6">100-01/(3/r</subfield>
    <subfield code="a">طرازي، فيليب دي،</subfield>
    <subfield code="c">الفيكونت،</subfield>
    <subfield code="d">1865-1956،</subfield>
    <subfield code="e">مؤلف. </subfield>
    <subfield code="4">aut.</subfield>
  </datafield>
  <datafield tag="880" ind1="1" ind2="0">
    <subfield code="6">245-02/(3/r</subfield>
    <subfield code="a">أصدق ما كان عن تاريخ لبنان وصفحة من أخبار السريان /</subfield>
    <subfield code="c">بقلم الفيكنت فيليب دي طرازي، مؤسس دار الكتب اللبنانية والعضو في عدة مجامع علمية شرقية وغربية.</subfield>
  </datafield>
  <datafield tag="880" ind1="3" ind2="0">
    <subfield code="6">246-03/(3/r</subfield>
    <subfield code="a">تاريخ لبنان</subfield>
  </datafield>
  <datafield tag="880" ind1="3" ind2="0">
    <subfield code="6">246-04/(3/r</subfield>
    <subfield code="a">صفحة من أخبار السريان</subfield>
  </datafield>
  <datafield tag="880" ind1="1" ind2=" ">
    <subfield code="6">246-05/(3/r</subfield>
    <subfield code="i">عنوان المجلد الثالث:</subfield>
    <subfield code="a">رد العسف والبهتان عن كتاب أصدق ما كان</subfield>
  </datafield>
  <datafield tag="880" ind1=" " ind2="1">
    <subfield code="6">264-06/(3/r</subfield>
    <subfield code="a">بيروت :</subfield>
    <subfield code="b">مطابع جوزف سليم صيقلي،</subfield>
    <subfield code="c">1948.</subfield>
  </datafield>
  <datafield tag="880" ind1=" " ind2=" ">
    <subfield code="6">300-07/(3/r</subfield>
    <subfield code="a">2 مجلد :</subfield>
    <subfield code="b">مصورات، صورة شخصانية في الواجهة ؛</subfield>
    <subfield code="c">24 سم</subfield>
  </datafield>
  <datafield tag="880" ind1="1" ind2=" ">
    <subfield code="6">700-08/(3/r</subfield>
    <subfield code="i">منتقد في (عمل)</subfield>
    <subfield code="4">http://rdaregistry.info/Elements/w/P10115:</subfield>
    <subfield code="a">قرألي، بولس</subfield>
    <subfield code="d">-1952.</subfield>
    <subfield code="t">الموارنة في لبنان : أقدميتهم وأسرهم.</subfield>
  </datafield>
  <datafield tag="907" ind1=" " ind2=" ">
    <subfield code="a">.b12772458</subfield>
    <subfield code="b">17-10-27</subfield>
    <subfield code="c">11-05-24</subfield>
  </datafield>
  <datafield tag="907" ind1=" " ind2=" ">
    <subfield code="a">.b12772458</subfield>
    <subfield code="b">15-10-15</subfield>
    <subfield code="c">11-05-24</subfield>
  </datafield>
  <datafield tag="945" ind1=" " ind2=" ">
    <subfield code="f">CA</subfield>
    <subfield code="a">956.9:T19aA:v.1-2:c.1</subfield>
    <subfield code="i">01067355</subfield>
    <subfield code="j">.i13353871</subfield>
    <subfield code="l">u0304</subfield>
  </datafield>
  <datafield tag="945" ind1=" " ind2=" ">
    <subfield code="f">CA</subfield>
    <subfield code="a">956.9:T19aA:v.3:c.1</subfield>
    <subfield code="i">01067356</subfield>
    <subfield code="j">.i13353883</subfield>
    <subfield code="l">u0304</subfield>
  </datafield>
  <datafield tag="998" ind1=" " ind2=" ">
    <subfield code="a">u03</subfield>
    <subfield code="b">97-11-20</subfield>
    <subfield code="c">m</subfield>
    <subfield code="d">a</subfield>
    <subfield code="e">-</subfield>
    <subfield code="f">ara</subfield>
    <subfield code="g">le </subfield>
    <subfield code="h">0</subfield>
    <subfield code="i">2</subfield>
  </datafield>
</record>
</collection>
